%YAML 1.1
%TAG !u! tag:unity3d.com,2011:
--- !u!1 &5221779661271581026
GameObject:
  m_ObjectHideFlags: 0
  m_CorrespondingSourceObject: {fileID: 0}
  m_PrefabInstance: {fileID: 0}
  m_PrefabAsset: {fileID: 0}
  serializedVersion: 6
  m_Component:
  - component: {fileID: 5221779661271581027}
  - component: {fileID: 6115845842438910401}
  - component: {fileID: 5150453133983806465}
  - component: {fileID: -4315908003648729382}
  - component: {fileID: 7090276755144697784}
  m_Layer: 0
  m_Name: PebbleOne
  m_TagString: Item
  m_Icon: {fileID: 0}
  m_NavMeshLayer: 0
  m_StaticEditorFlags: 0
  m_IsActive: 1
--- !u!4 &5221779661271581027
Transform:
  m_ObjectHideFlags: 0
  m_CorrespondingSourceObject: {fileID: 0}
  m_PrefabInstance: {fileID: 0}
  m_PrefabAsset: {fileID: 0}
  m_GameObject: {fileID: 5221779661271581026}
  m_LocalRotation: {x: 0, y: 0, z: 0, w: 1}
  m_LocalPosition: {x: 9.5, y: 0.141, z: -6.9553547}
  m_LocalScale: {x: 1, y: 1, z: 1}
  m_Children:
  - {fileID: 5763980331206744739}
  m_Father: {fileID: 0}
  m_RootOrder: 0
  m_LocalEulerAnglesHint: {x: 0, y: 0, z: 0}
--- !u!54 &6115845842438910401
Rigidbody:
  m_ObjectHideFlags: 0
  m_CorrespondingSourceObject: {fileID: 0}
  m_PrefabInstance: {fileID: 0}
  m_PrefabAsset: {fileID: 0}
  m_GameObject: {fileID: 5221779661271581026}
  serializedVersion: 2
  m_Mass: 1
  m_Drag: 0
  m_AngularDrag: 0.05
  m_UseGravity: 1
  m_IsKinematic: 0
  m_Interpolate: 0
  m_Constraints: 0
  m_CollisionDetection: 2
--- !u!114 &5150453133983806465
MonoBehaviour:
  m_ObjectHideFlags: 0
  m_CorrespondingSourceObject: {fileID: 0}
  m_PrefabInstance: {fileID: 0}
  m_PrefabAsset: {fileID: 0}
  m_GameObject: {fileID: 5221779661271581026}
  m_Enabled: 1
  m_EditorHideFlags: 0
  m_Script: {fileID: 11500000, guid: c90d5f25f32d4e3eab0ac13c96b41829, type: 3}
  m_Name: 
  m_EditorClassIdentifier: 
  scriptableItem: {fileID: 11400000, guid: 1d374f2dda2e8e0449779178c120fd0f, type: 2}
  isLookedAt: 0
  OnPickup:
    m_PersistentCalls:
      m_Calls: []
--- !u!65 &-4315908003648729382
BoxCollider:
  m_ObjectHideFlags: 0
  m_CorrespondingSourceObject: {fileID: 0}
  m_PrefabInstance: {fileID: 0}
  m_PrefabAsset: {fileID: 0}
  m_GameObject: {fileID: 5221779661271581026}
  m_Material: {fileID: 0}
  m_IsTrigger: 0
  m_Enabled: 1
  serializedVersion: 2
  m_Size: {x: 0.11360645, y: 0.07780145, z: 0.2}
  m_Center: {x: -0.003642559, y: 0.023653127, z: 0}
--- !u!114 &7090276755144697784
MonoBehaviour:
  m_ObjectHideFlags: 0
  m_CorrespondingSourceObject: {fileID: 0}
  m_PrefabInstance: {fileID: 0}
  m_PrefabAsset: {fileID: 0}
  m_GameObject: {fileID: 5221779661271581026}
  m_Enabled: 1
  m_EditorHideFlags: 0
  m_Script: {fileID: 11500000, guid: 1c38ab06a2e7f5049a504d78d6353033, type: 3}
  m_Name: 
  m_EditorClassIdentifier: 
--- !u!1001 &5221779663115255112
PrefabInstance:
  m_ObjectHideFlags: 0
  serializedVersion: 2
  m_Modification:
    m_TransformParent: {fileID: 5221779661271581027}
    m_Modifications:
    - target: {fileID: -8679921383154817045, guid: 71e4584d89050d14282c83e64d377711,
        type: 3}
      propertyPath: m_RootOrder
      value: 0
      objectReference: {fileID: 0}
    - target: {fileID: -8679921383154817045, guid: 71e4584d89050d14282c83e64d377711,
        type: 3}
      propertyPath: m_LocalScale.x
      value: 1
      objectReference: {fileID: 0}
    - target: {fileID: -8679921383154817045, guid: 71e4584d89050d14282c83e64d377711,
        type: 3}
      propertyPath: m_LocalScale.y
      value: 1
      objectReference: {fileID: 0}
    - target: {fileID: -8679921383154817045, guid: 71e4584d89050d14282c83e64d377711,
        type: 3}
      propertyPath: m_LocalScale.z
      value: 1
      objectReference: {fileID: 0}
    - target: {fileID: -8679921383154817045, guid: 71e4584d89050d14282c83e64d377711,
        type: 3}
      propertyPath: m_LocalPosition.x
      value: 0
      objectReference: {fileID: 0}
    - target: {fileID: -8679921383154817045, guid: 71e4584d89050d14282c83e64d377711,
        type: 3}
      propertyPath: m_LocalPosition.y
      value: 0
      objectReference: {fileID: 0}
    - target: {fileID: -8679921383154817045, guid: 71e4584d89050d14282c83e64d377711,
        type: 3}
      propertyPath: m_LocalPosition.z
      value: 0
      objectReference: {fileID: 0}
    - target: {fileID: -8679921383154817045, guid: 71e4584d89050d14282c83e64d377711,
        type: 3}
      propertyPath: m_LocalRotation.w
      value: 0.7071067
      objectReference: {fileID: 0}
    - target: {fileID: -8679921383154817045, guid: 71e4584d89050d14282c83e64d377711,
        type: 3}
      propertyPath: m_LocalRotation.x
      value: -0.7071068
      objectReference: {fileID: 0}
    - target: {fileID: -8679921383154817045, guid: 71e4584d89050d14282c83e64d377711,
        type: 3}
      propertyPath: m_LocalRotation.y
      value: -0
      objectReference: {fileID: 0}
    - target: {fileID: -8679921383154817045, guid: 71e4584d89050d14282c83e64d377711,
        type: 3}
      propertyPath: m_LocalRotation.z
      value: -0
      objectReference: {fileID: 0}
    - target: {fileID: -8679921383154817045, guid: 71e4584d89050d14282c83e64d377711,
        type: 3}
      propertyPath: m_LocalEulerAnglesHint.x
      value: 0
      objectReference: {fileID: 0}
    - target: {fileID: -8679921383154817045, guid: 71e4584d89050d14282c83e64d377711,
        type: 3}
      propertyPath: m_LocalEulerAnglesHint.y
      value: 0
      objectReference: {fileID: 0}
    - target: {fileID: -8679921383154817045, guid: 71e4584d89050d14282c83e64d377711,
        type: 3}
      propertyPath: m_LocalEulerAnglesHint.z
      value: 0
      objectReference: {fileID: 0}
    - target: {fileID: 919132149155446097, guid: 71e4584d89050d14282c83e64d377711,
        type: 3}
      propertyPath: m_Name
      value: PebbelOne
      objectReference: {fileID: 0}
    - target: {fileID: 919132149155446097, guid: 71e4584d89050d14282c83e64d377711,
        type: 3}
      propertyPath: m_TagString
      value: Item
      objectReference: {fileID: 0}
    m_RemovedComponents: []
  m_SourcePrefab: {fileID: 100100000, guid: 71e4584d89050d14282c83e64d377711, type: 3}
--- !u!4 &5763980331206744739 stripped
Transform:
  m_CorrespondingSourceObject: {fileID: -8679921383154817045, guid: 71e4584d89050d14282c83e64d377711,
    type: 3}
  m_PrefabInstance: {fileID: 5221779663115255112}
  m_PrefabAsset: {fileID: 0}
