%YAML 1.1
%TAG !u! tag:unity3d.com,2011:
--- !u!1 &1433210761920504327
GameObject:
  m_ObjectHideFlags: 0
  m_CorrespondingSourceObject: {fileID: 0}
  m_PrefabInstance: {fileID: 0}
  m_PrefabAsset: {fileID: 0}
  serializedVersion: 6
  m_Component:
  - component: {fileID: 3140334930971307245}
  - component: {fileID: 5938528735922150003}
  - component: {fileID: 2841746626031814316}
  m_Layer: 0
  m_Name: Cube
  m_TagString: Untagged
  m_Icon: {fileID: 0}
  m_NavMeshLayer: 0
  m_StaticEditorFlags: 0
  m_IsActive: 1
--- !u!4 &3140334930971307245
Transform:
  m_ObjectHideFlags: 0
  m_CorrespondingSourceObject: {fileID: 0}
  m_PrefabInstance: {fileID: 0}
  m_PrefabAsset: {fileID: 0}
  m_GameObject: {fileID: 1433210761920504327}
  m_LocalRotation: {x: -0.7071068, y: 0, z: 0, w: 0.7071068}
  m_LocalPosition: {x: 0, y: 0, z: 0}
  m_LocalScale: {x: 100, y: 100, z: 100}
  m_Children: []
  m_Father: {fileID: 2298264527805265800}
  m_RootOrder: 0
  m_LocalEulerAnglesHint: {x: 0, y: 0, z: 0}
--- !u!33 &5938528735922150003
MeshFilter:
  m_ObjectHideFlags: 0
  m_CorrespondingSourceObject: {fileID: 0}
  m_PrefabInstance: {fileID: 0}
  m_PrefabAsset: {fileID: 0}
  m_GameObject: {fileID: 1433210761920504327}
  m_Mesh: {fileID: -5495902117074765545, guid: 705a8e2d2a7f0d34aa406c9f9869f9d7, type: 3}
--- !u!23 &2841746626031814316
MeshRenderer:
  m_ObjectHideFlags: 0
  m_CorrespondingSourceObject: {fileID: 0}
  m_PrefabInstance: {fileID: 0}
  m_PrefabAsset: {fileID: 0}
  m_GameObject: {fileID: 1433210761920504327}
  m_Enabled: 1
  m_CastShadows: 1
  m_ReceiveShadows: 1
  m_DynamicOccludee: 1
  m_MotionVectors: 1
  m_LightProbeUsage: 1
  m_ReflectionProbeUsage: 1
  m_RayTracingMode: 2
  m_RayTraceProcedural: 0
  m_RenderingLayerMask: 1
  m_RendererPriority: 0
  m_Materials:
  - {fileID: 2100000, guid: 7648448771133bd45b0c036a14b1aa91, type: 2}
  m_StaticBatchInfo:
    firstSubMesh: 0
    subMeshCount: 0
  m_StaticBatchRoot: {fileID: 0}
  m_ProbeAnchor: {fileID: 0}
  m_LightProbeVolumeOverride: {fileID: 0}
  m_ScaleInLightmap: 1
  m_ReceiveGI: 1
  m_PreserveUVs: 0
  m_IgnoreNormalsForChartDetection: 0
  m_ImportantGI: 0
  m_StitchLightmapSeams: 1
  m_SelectedEditorRenderState: 3
  m_MinimumChartSize: 4
  m_AutoUVMaxDistance: 0.5
  m_AutoUVMaxAngle: 89
  m_LightmapParameters: {fileID: 0}
  m_SortingLayerID: 0
  m_SortingLayer: 0
  m_SortingOrder: 0
  m_AdditionalVertexStreams: {fileID: 0}
--- !u!1 &1490343781089078578
GameObject:
  m_ObjectHideFlags: 0
  m_CorrespondingSourceObject: {fileID: 0}
  m_PrefabInstance: {fileID: 0}
  m_PrefabAsset: {fileID: 0}
  serializedVersion: 6
  m_Component:
  - component: {fileID: 2298264527805265800}
  m_Layer: 0
  m_Name: CeilingEdge
  m_TagString: Untagged
  m_Icon: {fileID: 0}
  m_NavMeshLayer: 0
  m_StaticEditorFlags: 0
  m_IsActive: 1
--- !u!4 &2298264527805265800
Transform:
  m_ObjectHideFlags: 0
  m_CorrespondingSourceObject: {fileID: 0}
  m_PrefabInstance: {fileID: 0}
  m_PrefabAsset: {fileID: 0}
  m_GameObject: {fileID: 1490343781089078578}
  m_LocalRotation: {x: -0, y: -0, z: -0, w: 1}
  m_LocalPosition: {x: 0, y: 0, z: 2}
  m_LocalScale: {x: 1, y: 1, z: 1}
  m_Children:
  - {fileID: 3140334930971307245}
  - {fileID: 3244099858630019746}
  m_Father: {fileID: 0}
  m_RootOrder: 0
  m_LocalEulerAnglesHint: {x: 0, y: 0, z: 0}
--- !u!1 &5660691423653552489
GameObject:
  m_ObjectHideFlags: 0
  m_CorrespondingSourceObject: {fileID: 0}
  m_PrefabInstance: {fileID: 0}
  m_PrefabAsset: {fileID: 0}
  serializedVersion: 6
  m_Component:
  - component: {fileID: 3244099858630019746}
  - component: {fileID: 6012360896842115042}
  - component: {fileID: 4048461863587844621}
  - component: {fileID: 1235928366035275792}
  - component: {fileID: 8885258370013837658}
  m_Layer: 0
  m_Name: Cube
  m_TagString: Untagged
  m_Icon: {fileID: 0}
  m_NavMeshLayer: 0
  m_StaticEditorFlags: 0
  m_IsActive: 1
--- !u!4 &3244099858630019746
Transform:
  m_ObjectHideFlags: 0
  m_CorrespondingSourceObject: {fileID: 0}
  m_PrefabInstance: {fileID: 0}
  m_PrefabAsset: {fileID: 0}
  m_GameObject: {fileID: 5660691423653552489}
  m_LocalRotation: {x: -0, y: 0.7071058, z: -0, w: 0.7071078}
  m_LocalPosition: {x: 1, y: 0, z: 0}
  m_LocalScale: {x: 1, y: 1, z: 1}
  m_Children: []
  m_Father: {fileID: 2298264527805265800}
  m_RootOrder: 1
  m_LocalEulerAnglesHint: {x: 0, y: 0, z: 0}
--- !u!114 &6012360896842115042
MonoBehaviour:
  m_ObjectHideFlags: 0
  m_CorrespondingSourceObject: {fileID: 0}
  m_PrefabInstance: {fileID: 0}
  m_PrefabAsset: {fileID: 0}
  m_GameObject: {fileID: 5660691423653552489}
  m_Enabled: 1
  m_EditorHideFlags: 0
  m_Script: {fileID: 11500000, guid: 8233d90336aea43098adf6dbabd606a2, type: 3}
  m_Name: 
  m_EditorClassIdentifier: 
  m_MeshFormatVersion: 1
  m_Faces:
  - m_Indexes: 000000000100000002000000010000000300000002000000
    m_SmoothingGroup: 0
    m_Uv:
      m_UseWorldSpace: 0
      m_FlipU: 0
      m_FlipV: 0
      m_SwapUV: 0
      m_Fill: 1
      m_Scale: {x: 1, y: 1}
      m_Offset: {x: 0, y: 0}
      m_Rotation: 0
      m_Anchor: 9
    m_Material: {fileID: 0}
    m_SubmeshIndex: 0
    m_ManualUV: 0
    elementGroup: -1
    m_TextureGroup: -1
  - m_Indexes: 040000000500000006000000050000000700000006000000
    m_SmoothingGroup: 0
    m_Uv:
      m_UseWorldSpace: 0
      m_FlipU: 0
      m_FlipV: 0
      m_SwapUV: 0
      m_Fill: 1
      m_Scale: {x: 1, y: 1}
      m_Offset: {x: 0, y: 0}
      m_Rotation: 0
      m_Anchor: 9
    m_Material: {fileID: 0}
    m_SubmeshIndex: 0
    m_ManualUV: 0
    elementGroup: -1
    m_TextureGroup: -1
  - m_Indexes: 08000000090000000a000000090000000b0000000a000000
    m_SmoothingGroup: 0
    m_Uv:
      m_UseWorldSpace: 0
      m_FlipU: 0
      m_FlipV: 0
      m_SwapUV: 0
      m_Fill: 1
      m_Scale: {x: 1, y: 1}
      m_Offset: {x: 0, y: 0}
      m_Rotation: 0
      m_Anchor: 9
    m_Material: {fileID: 0}
    m_SubmeshIndex: 0
    m_ManualUV: 0
    elementGroup: -1
    m_TextureGroup: -1
  - m_Indexes: 0c0000000d0000000e0000000d0000000f0000000e000000
    m_SmoothingGroup: 0
    m_Uv:
      m_UseWorldSpace: 0
      m_FlipU: 0
      m_FlipV: 0
      m_SwapUV: 0
      m_Fill: 1
      m_Scale: {x: 1, y: 1}
      m_Offset: {x: 0, y: 0}
      m_Rotation: 0
      m_Anchor: 9
    m_Material: {fileID: 0}
    m_SubmeshIndex: 0
    m_ManualUV: 0
    elementGroup: -1
    m_TextureGroup: -1
  - m_Indexes: 100000001100000012000000110000001300000012000000
    m_SmoothingGroup: 0
    m_Uv:
      m_UseWorldSpace: 0
      m_FlipU: 0
      m_FlipV: 0
      m_SwapUV: 0
      m_Fill: 1
      m_Scale: {x: 1, y: 1}
      m_Offset: {x: 0, y: 0}
      m_Rotation: 0
      m_Anchor: 9
    m_Material: {fileID: 0}
    m_SubmeshIndex: 0
    m_ManualUV: 0
    elementGroup: -1
    m_TextureGroup: -1
  - m_Indexes: 140000001500000016000000150000001700000016000000
    m_SmoothingGroup: 0
    m_Uv:
      m_UseWorldSpace: 0
      m_FlipU: 0
      m_FlipV: 0
      m_SwapUV: 0
      m_Fill: 1
      m_Scale: {x: 1, y: 1}
      m_Offset: {x: 0, y: 0}
      m_Rotation: 0
      m_Anchor: 9
    m_Material: {fileID: 0}
    m_SubmeshIndex: 0
    m_ManualUV: 0
    elementGroup: -1
    m_TextureGroup: -1
  m_SharedVertices:
  - m_Vertices: 000000000d00000016000000
  - m_Vertices: 010000000400000017000000
  - m_Vertices: 020000000f00000010000000
  - m_Vertices: 030000000600000011000000
  - m_Vertices: 050000000800000015000000
  - m_Vertices: 070000000a00000013000000
  - m_Vertices: 090000000c00000014000000
  - m_Vertices: 0b0000000e00000012000000
  m_SharedTextures: []
  m_Positions:
  - {x: 0, y: 0.00007915497, z: 0.00000035762787}
  - {x: 0.50000006, y: 0.00007915497, z: -0.50000006}
  - {x: 0.00000003576277, y: 0.1981512, z: -0.000000010430682}
  - {x: 0.5000001, y: 0.1981512, z: -0.5}
  - {x: 0.50000006, y: 0.00007915497, z: -0.50000006}
  - {x: 1.0000001, y: 0.00007915497, z: -0.9999995}
  - {x: 0.5000001, y: 0.1981512, z: -0.5}
  - {x: 1, y: 0.1981512, z: -1}
  - {x: 1.0000001, y: 0.00007915497, z: -0.9999995}
  - {x: 0.00000011920929, y: 0.00007915497, z: -0.99999964}
  - {x: 1, y: 0.1981512, z: -1}
  - {x: -0.00000008344644, y: 0.1981512, z: -1}
  - {x: 0.00000011920929, y: 0.00007915497, z: -0.99999964}
  - {x: 0, y: 0.00007915497, z: 0.00000035762787}
  - {x: -0.00000008344644, y: 0.1981512, z: -1}
  - {x: 0.00000003576277, y: 0.1981512, z: -0.000000010430682}
  - {x: 0.00000003576277, y: 0.1981512, z: -0.000000010430682}
  - {x: 0.5000001, y: 0.1981512, z: -0.5}
  - {x: -0.00000008344644, y: 0.1981512, z: -1}
  - {x: 1, y: 0.1981512, z: -1}
  - {x: 0.00000011920929, y: 0.00007915497, z: -0.99999964}
  - {x: 1.0000001, y: 0.00007915497, z: -0.9999995}
  - {x: 0, y: 0.00007915497, z: 0.00000035762787}
  - {x: 0.50000006, y: 0.00007915497, z: -0.50000006}
  m_Textures0:
  - {x: 0.00000025288116, y: 0.00007915497}
  - {x: -0.7071068, y: 0.00007915497}
  - {x: -0.000000032663696, y: 0.1981512}
  - {x: -0.7071068, y: 0.1981512}
  - {x: -0.7071068, y: 0.00007915497}
  - {x: -1.4142133, y: 0.00007915497}
  - {x: -0.7071068, y: 0.1981512}
  - {x: -1.4142135, y: 0.1981512}
  - {x: 1, y: 0.00008156236}
  - {x: 4.2632564e-14, y: 0.00008156236}
  - {x: 0.9999999, y: 0.19815361}
  - {x: -0.00000020265573, y: 0.19815361}
  - {x: 0.99999964, y: 0.00007915497}
  - {x: -0.00000035762787, y: 0.00007915497}
  - {x: 1, y: 0.1981512}
  - {x: 0.0000000104306865, y: 0.1981512}
  - {x: 0.00000003576277, y: -0.000000010430682}
  - {x: 0.5000001, y: -0.5}
  - {x: -0.00000008344644, y: -1}
  - {x: 1, y: -1}
  - {x: -0.00000011920929, y: -0.99999964}
  - {x: -1.0000001, y: -0.9999995}
  - {x: 0, y: 0.00000035762787}
  - {x: -0.50000006, y: -0.50000006}
  m_Textures2: []
  m_Textures3: []
  m_Tangents:
  - {x: -0.7071066, y: -7.0707674e-14, z: 0.707107, w: -1}
  - {x: -0.70710677, y: -3.4006255e-14, z: 0.7071069, w: -1}
  - {x: -0.70710677, y: -3.4006255e-14, z: 0.7071069, w: -1}
  - {x: -0.7071069, y: 2.5365996e-14, z: 0.7071067, w: -1}
  - {x: -0.7071072, y: 0, z: 0.70710635, w: -1}
  - {x: -0.70710695, y: 0, z: 0.7071066, w: -1}
  - {x: -0.70710695, y: 0, z: 0.7071066, w: -1}
  - {x: -0.7071067, y: 6.3415e-14, z: 0.7071068, w: -1}
  - {x: 1, y: 0, z: 0.00000011920929, w: -1}
  - {x: 1, y: 0, z: 0.000000059604645, w: -1}
  - {x: 1, y: 0, z: 0.000000059604645, w: -1}
  - {x: 1, y: 0, z: 0, w: -1}
  - {x: 0.00000011920929, y: 0, z: -1, w: -1}
  - {x: 3.907985e-14, y: -1.4967355e-21, z: -1, w: -1}
  - {x: 3.907985e-14, y: -1.4967355e-21, z: -1, w: -1}
  - {x: -0.00000011920921, y: 1.2829173e-21, z: -1, w: -1}
  - {x: 1, y: 0, z: 0, w: -1}
  - {x: 1, y: 0, z: 0, w: -1}
  - {x: 1, y: 0, z: 0, w: -1}
  - {x: 1, y: 0, z: 0, w: -1}
  - {x: -1, y: 0, z: 0, w: -1}
  - {x: -1, y: 0, z: 0, w: -1}
  - {x: -1, y: 0, z: 0, w: -1}
  - {x: -0, y: 1, z: 0, w: 1}
  m_Colors: []
  m_UnwrapParameters:
    m_HardAngle: 88
    m_PackMargin: 20
    m_AngleError: 8
    m_AreaError: 15
  m_PreserveMeshAssetOnDestroy: 0
  assetGuid: 
  m_Mesh: {fileID: 0}
  m_IsSelectable: 1
  m_SelectedFaces: 
  m_SelectedEdges: []
  m_SelectedVertices: 
--- !u!23 &4048461863587844621
MeshRenderer:
  m_ObjectHideFlags: 0
  m_CorrespondingSourceObject: {fileID: 0}
  m_PrefabInstance: {fileID: 0}
  m_PrefabAsset: {fileID: 0}
  m_GameObject: {fileID: 5660691423653552489}
  m_Enabled: 1
  m_CastShadows: 3
  m_ReceiveShadows: 1
  m_DynamicOccludee: 1
  m_MotionVectors: 1
  m_LightProbeUsage: 1
  m_ReflectionProbeUsage: 1
  m_RayTracingMode: 2
  m_RayTraceProcedural: 0
  m_RenderingLayerMask: 1
  m_RendererPriority: 0
  m_Materials:
  - {fileID: 2100000, guid: c22777d6e868e4f2fb421913386b154e, type: 2}
  m_StaticBatchInfo:
    firstSubMesh: 0
    subMeshCount: 0
  m_StaticBatchRoot: {fileID: 0}
  m_ProbeAnchor: {fileID: 0}
  m_LightProbeVolumeOverride: {fileID: 0}
  m_ScaleInLightmap: 1
  m_ReceiveGI: 1
  m_PreserveUVs: 0
  m_IgnoreNormalsForChartDetection: 0
  m_ImportantGI: 0
  m_StitchLightmapSeams: 1
  m_SelectedEditorRenderState: 2
  m_MinimumChartSize: 4
  m_AutoUVMaxDistance: 0.5
  m_AutoUVMaxAngle: 89
  m_LightmapParameters: {fileID: 0}
  m_SortingLayerID: 0
  m_SortingLayer: 0
  m_SortingOrder: 0
  m_AdditionalVertexStreams: {fileID: 0}
--- !u!33 &1235928366035275792
MeshFilter:
  m_ObjectHideFlags: 0
  m_CorrespondingSourceObject: {fileID: 0}
  m_PrefabInstance: {fileID: 0}
  m_PrefabAsset: {fileID: 0}
  m_GameObject: {fileID: 5660691423653552489}
  m_Mesh: {fileID: 0}
--- !u!64 &8885258370013837658
MeshCollider:
  m_ObjectHideFlags: 0
  m_CorrespondingSourceObject: {fileID: 0}
  m_PrefabInstance: {fileID: 0}
  m_PrefabAsset: {fileID: 0}
  m_GameObject: {fileID: 5660691423653552489}
  m_Material: {fileID: 0}
  m_IsTrigger: 0
  m_Enabled: 1
  serializedVersion: 4
  m_Convex: 1
  m_CookingOptions: 30
  m_Mesh: {fileID: 0}
