%YAML 1.1
%TAG !u! tag:unity3d.com,2011:
--- !u!1 &5191844975113416434
GameObject:
  m_ObjectHideFlags: 0
  m_CorrespondingSourceObject: {fileID: 0}
  m_PrefabInstance: {fileID: 0}
  m_PrefabAsset: {fileID: 0}
  serializedVersion: 6
  m_Component:
  - component: {fileID: 5191844975113416446}
  - component: {fileID: 5191844975113416447}
  - component: {fileID: 5191844975113416432}
  - component: {fileID: 5191844975113416433}
  - component: {fileID: 5191844975113416445}
  - component: {fileID: 5191844975113416444}
  - component: {fileID: 4563051579256355022}
  m_Layer: 0
  m_Name: MouseHole
  m_TagString: Interactable
  m_Icon: {fileID: 0}
  m_NavMeshLayer: 0
  m_StaticEditorFlags: 0
  m_IsActive: 1
--- !u!4 &5191844975113416446
Transform:
  m_ObjectHideFlags: 0
  m_CorrespondingSourceObject: {fileID: 0}
  m_PrefabInstance: {fileID: 0}
  m_PrefabAsset: {fileID: 0}
  m_GameObject: {fileID: 5191844975113416434}
  m_LocalRotation: {x: 0, y: 0, z: 0, w: 1}
  m_LocalPosition: {x: 425.9028, y: -4.303, z: -67.627}
  m_LocalScale: {x: 0.9760792, y: 1, z: 1}
  m_Children:
  - {fileID: 3943208923906966081}
  - {fileID: 8060678299013910362}
  m_Father: {fileID: 0}
  m_RootOrder: 0
  m_LocalEulerAnglesHint: {x: 0, y: 0, z: 0}
--- !u!33 &5191844975113416447
MeshFilter:
  m_ObjectHideFlags: 0
  m_CorrespondingSourceObject: {fileID: 0}
  m_PrefabInstance: {fileID: 0}
  m_PrefabAsset: {fileID: 0}
  m_GameObject: {fileID: 5191844975113416434}
  m_Mesh: {fileID: 10202, guid: 0000000000000000e000000000000000, type: 0}
--- !u!65 &5191844975113416432
BoxCollider:
  m_ObjectHideFlags: 0
  m_CorrespondingSourceObject: {fileID: 0}
  m_PrefabInstance: {fileID: 0}
  m_PrefabAsset: {fileID: 0}
  m_GameObject: {fileID: 5191844975113416434}
  m_Material: {fileID: 0}
  m_IsTrigger: 1
  m_Enabled: 1
  serializedVersion: 2
  m_Size: {x: 1, y: 1, z: 1}
  m_Center: {x: 0, y: 0, z: 0}
--- !u!114 &5191844975113416433
MonoBehaviour:
  m_ObjectHideFlags: 0
  m_CorrespondingSourceObject: {fileID: 0}
  m_PrefabInstance: {fileID: 0}
  m_PrefabAsset: {fileID: 0}
  m_GameObject: {fileID: 5191844975113416434}
  m_Enabled: 1
  m_EditorHideFlags: 0
  m_Script: {fileID: 11500000, guid: 837f381f639616a4ebec2d7aa016b26c, type: 3}
  m_Name: 
  m_EditorClassIdentifier: 
  isAvailable: 1
  textFeedbackIfNotAvailable: {fileID: 11400000, guid: 7f77ecd9d4eabcd42af6d8c71b1de808,
    type: 2}
  neededItem: {fileID: 11400000, guid: c6b5eca90237f8d48ba3cfdc0b54ca48, type: 2}
  numberOfItemsNeeded: 1
  isLookedAt: 0
  canBeActivatedMultipleTimes: 0
  OnActivation:
    m_PersistentCalls:
      m_Calls:
      - m_Target: {fileID: 5191844975113416445}
        m_TargetAssemblyTypeName: UnityEngine.Animator, UnityEngine
        m_MethodName: SetTrigger
        m_Mode: 5
        m_Arguments:
          m_ObjectArgument: {fileID: 0}
          m_ObjectArgumentAssemblyTypeName: UnityEngine.Object, UnityEngine
          m_IntArgument: 0
          m_FloatArgument: 0
          m_StringArgument: Play
          m_BoolArgument: 0
        m_CallState: 2
--- !u!95 &5191844975113416445
Animator:
  serializedVersion: 3
  m_ObjectHideFlags: 0
  m_CorrespondingSourceObject: {fileID: 0}
  m_PrefabInstance: {fileID: 0}
  m_PrefabAsset: {fileID: 0}
  m_GameObject: {fileID: 5191844975113416434}
  m_Enabled: 1
  m_Avatar: {fileID: 0}
  m_Controller: {fileID: 9100000, guid: 6d743fe61ff68f54ea4ae989bb992a22, type: 2}
  m_CullingMode: 0
  m_UpdateMode: 0
  m_ApplyRootMotion: 0
  m_LinearVelocityBlending: 0
  m_WarningMessage: 
  m_HasTransformHierarchy: 1
  m_AllowConstantClipSamplingOptimization: 1
  m_KeepAnimatorControllerStateOnDisable: 0
--- !u!114 &5191844975113416444
MonoBehaviour:
  m_ObjectHideFlags: 0
  m_CorrespondingSourceObject: {fileID: 0}
  m_PrefabInstance: {fileID: 0}
  m_PrefabAsset: {fileID: 0}
  m_GameObject: {fileID: 5191844975113416434}
  m_Enabled: 1
  m_EditorHideFlags: 0
  m_Script: {fileID: 11500000, guid: 84c11f574352eb144a63136b026c544a, type: 3}
  m_Name: 
  m_EditorClassIdentifier: 
  itemToActivate: {fileID: 7248148429973280224}
--- !u!54 &4563051579256355022
Rigidbody:
  m_ObjectHideFlags: 0
  m_CorrespondingSourceObject: {fileID: 0}
  m_PrefabInstance: {fileID: 0}
  m_PrefabAsset: {fileID: 0}
  m_GameObject: {fileID: 5191844975113416434}
  serializedVersion: 2
  m_Mass: 1
  m_Drag: 0
  m_AngularDrag: 0.05
  m_UseGravity: 0
  m_IsKinematic: 1
  m_Interpolate: 0
  m_Constraints: 0
  m_CollisionDetection: 0
--- !u!1001 &5191844974734972923
PrefabInstance:
  m_ObjectHideFlags: 0
  serializedVersion: 2
  m_Modification:
    m_TransformParent: {fileID: 5191844975113416446}
    m_Modifications:
    - target: {fileID: 2868910934960969889, guid: 175ff6a3e19b8254083ef4199a37076c,
        type: 3}
      propertyPath: m_RootOrder
      value: 1
      objectReference: {fileID: 0}
    - target: {fileID: 2868910934960969889, guid: 175ff6a3e19b8254083ef4199a37076c,
        type: 3}
      propertyPath: m_LocalPosition.x
      value: -0.455
      objectReference: {fileID: 0}
    - target: {fileID: 2868910934960969889, guid: 175ff6a3e19b8254083ef4199a37076c,
        type: 3}
      propertyPath: m_LocalPosition.y
      value: -0.108
      objectReference: {fileID: 0}
    - target: {fileID: 2868910934960969889, guid: 175ff6a3e19b8254083ef4199a37076c,
        type: 3}
      propertyPath: m_LocalPosition.z
      value: -0.013
      objectReference: {fileID: 0}
    - target: {fileID: 2868910934960969889, guid: 175ff6a3e19b8254083ef4199a37076c,
        type: 3}
      propertyPath: m_LocalRotation.w
      value: 0.70585626
      objectReference: {fileID: 0}
    - target: {fileID: 2868910934960969889, guid: 175ff6a3e19b8254083ef4199a37076c,
        type: 3}
      propertyPath: m_LocalRotation.x
      value: -0.042034548
      objectReference: {fileID: 0}
    - target: {fileID: 2868910934960969889, guid: 175ff6a3e19b8254083ef4199a37076c,
        type: 3}
      propertyPath: m_LocalRotation.y
      value: -0.042034548
      objectReference: {fileID: 0}
    - target: {fileID: 2868910934960969889, guid: 175ff6a3e19b8254083ef4199a37076c,
        type: 3}
      propertyPath: m_LocalRotation.z
      value: 0.70585626
      objectReference: {fileID: 0}
    - target: {fileID: 2868910934960969889, guid: 175ff6a3e19b8254083ef4199a37076c,
        type: 3}
      propertyPath: m_LocalEulerAnglesHint.x
      value: 0
      objectReference: {fileID: 0}
    - target: {fileID: 2868910934960969889, guid: 175ff6a3e19b8254083ef4199a37076c,
        type: 3}
      propertyPath: m_LocalEulerAnglesHint.y
      value: -6.816
      objectReference: {fileID: 0}
    - target: {fileID: 2868910934960969889, guid: 175ff6a3e19b8254083ef4199a37076c,
        type: 3}
      propertyPath: m_LocalEulerAnglesHint.z
      value: 90
      objectReference: {fileID: 0}
    - target: {fileID: 3214369360007479835, guid: 175ff6a3e19b8254083ef4199a37076c,
        type: 3}
      propertyPath: m_Name
      value: HammerItem
      objectReference: {fileID: 0}
    - target: {fileID: 3214369360007479835, guid: 175ff6a3e19b8254083ef4199a37076c,
        type: 3}
      propertyPath: m_IsActive
      value: 0
      objectReference: {fileID: 0}
    m_RemovedComponents: []
  m_SourcePrefab: {fileID: 100100000, guid: 175ff6a3e19b8254083ef4199a37076c, type: 3}
--- !u!1 &7248148429973280224 stripped
GameObject:
  m_CorrespondingSourceObject: {fileID: 3214369360007479835, guid: 175ff6a3e19b8254083ef4199a37076c,
    type: 3}
  m_PrefabInstance: {fileID: 5191844974734972923}
  m_PrefabAsset: {fileID: 0}
--- !u!4 &8060678299013910362 stripped
Transform:
  m_CorrespondingSourceObject: {fileID: 2868910934960969889, guid: 175ff6a3e19b8254083ef4199a37076c,
    type: 3}
  m_PrefabInstance: {fileID: 5191844974734972923}
  m_PrefabAsset: {fileID: 0}
--- !u!1001 &5191844975550648369
PrefabInstance:
  m_ObjectHideFlags: 0
  serializedVersion: 2
  m_Modification:
    m_TransformParent: {fileID: 5191844975113416446}
    m_Modifications:
    - target: {fileID: 8502765637146740938, guid: f6cf870dfe2a7ce44959c3a0f1a7c5d5,
        type: 3}
      propertyPath: m_Name
      value: Hammer
      objectReference: {fileID: 0}
    - target: {fileID: 8502765637146740938, guid: f6cf870dfe2a7ce44959c3a0f1a7c5d5,
        type: 3}
      propertyPath: m_IsActive
      value: 0
      objectReference: {fileID: 0}
    - target: {fileID: 9129980484354822768, guid: f6cf870dfe2a7ce44959c3a0f1a7c5d5,
        type: 3}
      propertyPath: m_RootOrder
      value: 0
      objectReference: {fileID: 0}
    - target: {fileID: 9129980484354822768, guid: f6cf870dfe2a7ce44959c3a0f1a7c5d5,
        type: 3}
      propertyPath: m_LocalPosition.x
      value: 0.765
      objectReference: {fileID: 0}
    - target: {fileID: 9129980484354822768, guid: f6cf870dfe2a7ce44959c3a0f1a7c5d5,
        type: 3}
      propertyPath: m_LocalPosition.y
      value: -0.151
      objectReference: {fileID: 0}
    - target: {fileID: 9129980484354822768, guid: f6cf870dfe2a7ce44959c3a0f1a7c5d5,
        type: 3}
      propertyPath: m_LocalPosition.z
      value: -0.013
      objectReference: {fileID: 0}
    - target: {fileID: 9129980484354822768, guid: f6cf870dfe2a7ce44959c3a0f1a7c5d5,
        type: 3}
      propertyPath: m_LocalRotation.w
      value: 0.7071068
      objectReference: {fileID: 0}
    - target: {fileID: 9129980484354822768, guid: f6cf870dfe2a7ce44959c3a0f1a7c5d5,
        type: 3}
      propertyPath: m_LocalRotation.x
      value: 0
      objectReference: {fileID: 0}
    - target: {fileID: 9129980484354822768, guid: f6cf870dfe2a7ce44959c3a0f1a7c5d5,
        type: 3}
      propertyPath: m_LocalRotation.y
      value: 0
      objectReference: {fileID: 0}
    - target: {fileID: 9129980484354822768, guid: f6cf870dfe2a7ce44959c3a0f1a7c5d5,
        type: 3}
      propertyPath: m_LocalRotation.z
      value: 0.7071068
      objectReference: {fileID: 0}
    - target: {fileID: 9129980484354822768, guid: f6cf870dfe2a7ce44959c3a0f1a7c5d5,
        type: 3}
      propertyPath: m_LocalEulerAnglesHint.x
      value: 0
      objectReference: {fileID: 0}
    - target: {fileID: 9129980484354822768, guid: f6cf870dfe2a7ce44959c3a0f1a7c5d5,
        type: 3}
      propertyPath: m_LocalEulerAnglesHint.y
      value: 0
      objectReference: {fileID: 0}
    - target: {fileID: 9129980484354822768, guid: f6cf870dfe2a7ce44959c3a0f1a7c5d5,
        type: 3}
      propertyPath: m_LocalEulerAnglesHint.z
      value: 90
      objectReference: {fileID: 0}
    m_RemovedComponents: []
  m_SourcePrefab: {fileID: 100100000, guid: f6cf870dfe2a7ce44959c3a0f1a7c5d5, type: 3}
--- !u!4 &3943208923906966081 stripped
Transform:
  m_CorrespondingSourceObject: {fileID: 9129980484354822768, guid: f6cf870dfe2a7ce44959c3a0f1a7c5d5,
    type: 3}
  m_PrefabInstance: {fileID: 5191844975550648369}
  m_PrefabAsset: {fileID: 0}
